<?xml version="1.0" encoding="UTF-8"?><collection xmlns="http://www.loc.gov/MARC21/slim"><record><leader>00607nam--2200193-u-4500</leader><controlfield tag="001">000056648</controlfield><controlfield tag="002">20161230</controlfield><controlfield tag="005">20161230201052</controlfield><controlfield tag="008">160405s1000------------r-----000-0-eng-d</controlfield><datafield ind1=" " ind2=" " tag="040"><subfield code="a">IFIN-HH</subfield></datafield><datafield ind1=" " ind2=" " tag="080"><subfield code="a">548.7</subfield></datafield><datafield ind1="1" ind2=" " tag="100"><subfield code="a">Hellner, E</subfield></datafield><datafield ind1="1" ind2="0" tag="245"><subfield code="a">ZAED STRUCTURETYPE DESCRIPTIONS FOR INTERMETALLIC PHASES IN THE SPACE GROUPS l4/mmmm AND l42/mcm AND THEIR SUBGROUPS</subfield><subfield code="c">E. hellner, w.b. pearson</subfield></datafield><datafield ind1=" " ind2=" " tag="260"><subfield code="a">Karlsruhe</subfield><subfield code="b">Fachinformationszentrum</subfield><subfield code="c">1987</subfield></datafield><datafield ind1=" " ind2=" " tag="300"><subfield code="a">77P</subfield></datafield><datafield ind1=" " ind2=" " tag="490"><subfield code="a">Physik Daten Physics Data 16-6 1987</subfield></datafield><datafield ind1="1" ind2=" " tag="700"><subfield code="a">Pearson, W.B</subfield></datafield><datafield ind1=" " ind2=" " tag="852"><subfield code="a">47445</subfield><subfield code="c">53.081</subfield></datafield><datafield ind1=" " ind2=" " tag="CAT"><subfield code="a">Sys</subfield><subfield code="c">20160405</subfield><subfield code="h">123316</subfield></datafield></record></collection>